@online{pozo,
  title     = {El pozo cuadrado finito},
  url       = {https://www.fisicacuantica.es/pozo-cuadrado-finito/},
}

@book{Quantum,
  title     = {Computational Quantum Mechanics},
  author    = {Joshua Izaac, Jingbo Wang},
  year      = {2018},
  publisher = {Springer},
}


@book{texmex,
    title = {Solving the time-dependent Schrodinger equation using finite difference methods},
    author = {F.S. Guzman, A. Rendon-Romero, S. Valdez-Alvaradoa and R. Becerril},
    year = {2008},    
    publisher = {Revista mexicana de fisica  E 54 (2) 120â€“132},

}

